@manual{rss,
author = {Ramanathan Guha and others},
title  = {RSS: Specification History},
url    = {http://www.rssboard.org/rss-history},
note   = "\url{http://www.rssboard.org/rss-history}",
year   = {1999}
}

@manual{webring,
author = {Devine Lu Linvega, Chris Kipp and others},
title  = {The Webring},
url    = {https://webring.xxiivv.com/},
note   = "\url{https://webring.xxiivv.com/}",
year   = {2018}
}

@manual{webring-wiki,
author = {Devine Lu Linvega, Chris Kipp and others},
title  = {The Webring - the Wiki},
url    = {https://webring.xxiivv.com/wiki.html},
note   = "\url{https://webring.xxiivv.com/wiki.html}",
year   = {2019}
}

@manual{webring-hallway,
author = {Devine Lu Linvega, Chris Kipp and others},
title  = {The Webring - the Hallway},
url    = {https://webring.xxiivv.com/hallway.html},
note   = "\url{https://webring.xxiivv.com/wiki.html}",
year   = {2019}
}

@manual{twtxt,
author = {Buckket and others},
title  = {TWTXT: Decentralised, minimalist microblogging service for hackers},
url    = {https://twtxt.readthedocs.io/en/stable/},
note   = "\url{https://twtxt.readthedocs.io/en/stable/}",
year   = {2019}
}

